
@inproceedings{Omid2014,
	Author = {Yabandeh, Maysam and Gomez-Ferro, Daniel and Kelly, Ivan and Junqueira, Flavio and Reed, Ben},
	booktitle = {ICDE '14},
	Title = {Lock-free Transactional Support for Distributed Data Stores}
	}

@misc {leveldb,
title = {A fast and lightweight key/value database library by Google},
month = jan,
year={2014},
howpublished= "\url{http://code.google.com/p/leveldb}"
}

@misc {HyperLevelDB,
title = {HyperLevelDB},
month = apr,
year={2014},
howpublished= "\url{https://github.com/rescrv/HyperLevelDB}"
}

@misc {RocksDB,
title = {A persistent key-value store for fast storage environments},
month = jun,
year={2014},
howpublished= "\url{http://rocksdb.org/}"
}

@misc {hbase,
title = {Apache HBase, a distributed, scalable, big data store},
month = apr,
year={2014},
howpublished= "\url{http://hbase.apache.org/}"
}

@misc{hbaseRegionArch,
title = {Why cannot {I} have too many regions?},
month = apr,
year={2014},
howpublished = "\url{https://hbase.apache.org/book/regions.arch.html}"
}

@misc{hyperdex,
title = {HyperLevelDB Performance Benchmarks},
month = apr,
year={2014},
howpublished = "\url{http://hyperdex.org/performance/leveldb}"
}

@article{FBMessaging2012,
  author = {Aiyer, A. and
	Bautin, M. and
	Chen, G. and
	Damania, P. and
	Khemani, P. and
	Muthukkaruppan, P. and
	Ranganathan, K. and
	Spiegelberg, N. and
	Tang, L. and
	Vaidya, M.},
  title = {{Storage Infrastructure Behind Facebook Messages: Using HBase at Scale}},
journal = {{IEEE Data Eng. Bull}},
volume=35,
issue=2,
year=2012,
pages={4--13}
}


@article{Lakshman2010,
 author = {Lakshman, Avinash and Malik, Prashant},
 title = {Cassandra: A Decentralized Structured Storage System},
 journal = {SIGOPS Oper. Syst. Rev.},
 issue_date = {April 2010},
 volume = {44},
 number = {2},
 month = apr,
 year = {2010},
 pages = {35--40},
}


@misc {ConcurrentSkipListMap,
title = {Java's {C}oncurrent{S}kip{L}ist{M}ap},
month = apr,
year={2014},
howpublished = "\url{http://docs.oracle.com/javase/7/docs/api/java/util/concurrent/ConcurrentSkipListMap.html}"
}

@misc {ConcurrentHashMap,
title = {Java's ConcurrentHashMap},
Note= "\url{http://docs.oracle.com/javase/7/docs/api/java/util/concurrent/ConcurrentHashMap.html}"
}

@misc {libcds,
title = {libcds: Library of lock-free and fine-grained algorithms},
month = nov,
year={2013},
howpublished= "\url{http://libcds.sourceforge.net/}"
}

@article{bronson2010practical,
author = {Bronson, Nathan G. and Casper, Jared and Chafi, Hassan and Olukotun, Kunle},
 title = {A Practical Concurrent Binary Search Tree},
 journal = {SIGPLAN Not.},
 volume = {45},
 number = {5},
 year = {2010},
 pages = {257--268},
 }

@article{Lehman1981,
 author = {Lehman, Philip L. and Yao, s. Bing},
 title = {Efficient Locking for Concurrent Operations on B-trees},
 journal = {ACM Trans. Database Syst.},
 volume = {6},
 number = {4},
 year = {1981},
 pages = {650--670},
}

@article{Bentley79,
  author = {Bentley, Jon Louis and Saxe, James B},
  journal = {Journal of Algorithms},
  number = 4,
  pages = {301--358},
  title = {Decomposable searching problems I. Static-to-dynamic transformation},
  volume = 1,
  year = 1980
}

@ARTICLE{Chazelle86,
    author = {Bernard Chazelle and Leonidas J. Guibas},
    title = {Fractional cascading: I. A data structuring technique},
    journal = {Algorithmica},
    year = {1986},
    volume = {1},
    pages = {133--162},
  number = 2,
}

@article{Pugh90,
  author = {Pugh, William},
  journal = {Commun. ACM},
  number = 6,
  pages = {668-676},
  title = {Skip Lists: A Probabilistic Alternative to Balanced Trees.},
  volume = 33,
    year = 1990
}



@inproceedings{Muth1998,
 author = {Muth, Peter and O'Neil, Patrick E. and Pick, Achim and Weikum, Gerhard},
 title = {Design, Implementation, and Performance of the LHAM Log-Structured History Data Access Method},
 booktitle = {Proceedings of the 24rd International Conference on Very Large Data Bases},
 series = {VLDB '98},
 year = {1998},
 pages = {452--463},
 numpages = {12},
 }

@inproceedings{Dynamo07,
  author = {DeCandia, G. and Hastorun, D. and Jampani, M. and Kakulapati, G. and Lakshman, A. and Pilchin, A. and Sivasubramanian, S. and Vosshall, P. and Vogels, W.},
  booktitle = {SOSP},
  pages = {205-220},
  title = {Dynamo: Amazon's Highly Available Key-Value Store.},
  year = 2007
}

@inproceedings{Hyperdex2012,
  author = {R. Escriva and B. Wong and E. G. Sirer},
  title = {HyperDex: a Distributed, Searchable Key-value Store},
  booktitle = {SIGCOMM 2012},
 year = {2012},
  pages = {25--36}
}

@article{Li2010,
 author = {Li, Yinan and He, Bingsheng and Yang, Robin Jun and Luo, Qiong and Yi, Ke},
 title = {Tree Indexing on Solid State Drives},
 journal = {Proc. VLDB Endow.},
 volume = {3},
 number = {1-2},
 year = {2010},
  pages = {1195--1206},
 }

@inproceedings{FDPlus2012,
  author = {R. Thonangi and S. Babu and J. Yung},
  title = {A practical concurrent index for solid-state drives},
  booktitle = {CIKM 2012},
 year = {2012},
  pages = {1332--1341}
}

@inproceedings{BLSM2012,
  author = {R. Sears and R. Ramakrishnan},
  title = {b{LSM}: A General Purpose Log Structured Merge Tree},
  booktitle = {SIGMOD 2012},
 year = {2012},
  pages = {217--228}
}

@inproceedings{LevandoskiLS13,
  author    = {Justin J. Levandoski and
               David B. Lomet and
               Sudipta Sengupta},
  title     = {The {B}w-Tree: A {B}-tree for new hardware platforms},
  booktitle = {29th IEEE International Conference on Data Engineering ({ICDE})},
  year      = {2013},
  pages     = {302-313},
}

@article{RosenblumO1992,
 author = {Rosenblum, Mendel and Ousterhout, John K.},
 title = {The Design and Implementation of a Log-structured File System},
 journal = {ACM Trans. Comput. Syst.},
 volume = {10},
 number = {1},
 month = feb,
 year = {1992},
 pages = {26--52},
 numpages = {27},
}


@article{Herlihy1991,
 author = {Herlihy, Maurice},
 title = {Wait-free synchronization},
 journal = {ACM Trans. Program. Lang. Syst.},
 volume = {13},
 number = {1},
 year = {1991},
 pages = {124--149},
}

@book{Herlihy2008,
 author = {Herlihy, Maurice and Shavit, Nir},
 title = {The Art of Multiprocessor Programming},
 year = {2008},
 publisher = {Morgan Kaufmann Publishers Inc.},
 address = {San Francisco, CA, USA},
}


@inproceedings{Spanner2012,
 author = {Corbett, J. C. and others},
 title = {Spanner: Google's Globally-Distributed Database},
 booktitle = {OSDI},
 year = {2012},
 pages = {251--264},
}

@article{Bloom1970,
 author = {B. H. Bloom},
 title = {Space/time trade-offs in hash coding with allowable errors},
 journal = {Commun. ACM},
 issue_date = {July 1970},
 volume = {13},
 number = {7},
 month = jul,
 year = {1970},
 pages = {422--426},
 numpages = {5},
}

@article{Papadimitriou1979,
 author = {Papadimitriou, Christos H.},
 title = {The serializability of concurrent database updates},
 journal = {J. ACM},
 issue_date = {Oct. 1979},
 volume = {26},
 number = {4},
 month = oct,
 year = {1979},
 pages = {631--653},
}

@inproceedings{Berenson1995,
 author = {H. Berenson and P. Bernstein and J. Gray and J. Melton and E. O'Neil and P. O'Neil},
 title = {A critique of ANSI SQL isolation levels},
 booktitle = {SIGMOD '95},
 year = {1995},
 pages = {1--10},
}

@inproceedings{OmidEurosys2012,

  author = {D. Gomez-Ferro and M. Yabandeh},
  title = {A critique of snapshot isolation},
  booktitle = {EuroSys '12},
  year = {2012},
  pages = {155 -- 168}
}

@article {FeketeTODS2005,

	author = {A. Fekete and D. Liarokapis and E. O'Neil and P. O' Neil and D. Shasha},
  title = {Making snapshot isolation serializable},
  journal = {ACM TODS},
  year = 2005,
  pages = {492--528},
  volume = 30,
  issue = 2
}

@inproceedings { Cahill2008,
  author = {M. J. Cahill and U. Rohm and A. Fekete},
  title = {Serializable isolation for snapshot databases},
  booktitle = {SIGMOD},
  year = 2008,
  pages = {729--738}
}

@inproceedings {YCSB2010,

  author = {B. F. Cooper and A. Silberstein and E. Tam and R. Ramakrishnan and R. Sears},
  title = {Benchmarking Cloud Serving Systems with {YCSB}},
	booktitle = {ACM SoCC 2010},
	year = 2010,
	pages = {143--154}
}

@inproceedings { Alomari2008,
  author = {M. Alomari and M. Cahill and A. Fekete and U. Rohm},
  title = {The cost of serializability on platforms that use snapshot isolation},
  booktitle = {ICDE},
  year = 2008
}

@inproceedings { BigTable2006,
  author = {F. Chang and J. Dean and S. Ghemawat and W. C. Hsieh and D. A. Wallach and M. Burrows and T. Chandra and A. Fikes and R. E. Gruber},
  title = {Bigtable: A Distributed Storage System for Structured Data},
  booktitle = {OSDI},
  year = 2006
}

@book {WeikumTIS2001,
  author =       {G. Weikum and G. Vossen},
  title =        {Transactional Information Systems: Theory, Algorithms, and the Practice of Concurrency Control and Recovery},
  publisher =    {Morgan Kaufmann},
  year =         2001,
}

@book { AttiyaDC2004,

 author = {H. Attiya and J. Welch},
 title = {Distributed Computing: Fundamentals, Simulations, and Advanced Topics},
 publisher = {Wiley Series on Parallel and Distributed Computing},
 year = 2004
}

@book {GrayTP1993,
  author =       {Jim Gray and Andreas Reuters},
  title =        {Transaction Processing: Concepts and Techniques},
  publisher =    {Morgan Kaufmann},
  year =         1993,
}

@inbook {KorenAdvancesCF2011,
  author =       {Y. Koren and R. Bell},
  title =        {Recommender Systems Handbook},
  chapter = {Advances in Collaborative Filtering},
  publisher =    {Springer US},
  year =         2011,
  pages = {145--186},
 }

@inproceedings {YabandehCritique2012,

  author = {Maysam Yabandeh and Daniel Gomez-Ferro},
  title  = {A critique of snapshot isolation},
  booktitle = {EuroSys},
  year = 2012,
  pages = {155-168}
}

@inproceedings{Percolator2010,
title = {Large-scale Incremental Processing Using Distributed Transactions and Notifications},
author  = {D. Peng and F. Dabek},
year  = 2010,
booktitle = {OSDI},
pages = {4--6}
}


@inproceedings {Corfu2012,

  author = {M. Balakrishnan and D. Malkhi and V. Prabhakaran and T. Wobber and M. Wei},
  title  = {CORFU: A Shared Log Design for Flash Clusters},
  booktitle = {NSDI},
  year = 2012
}

@inproceedings {ZKATC2010,

  author = {P. Hunt and M. Konar and F. P. Junqueira and B. Reed},
  title  = {ZooKeeper: Wait-free Coordination for Internet-scale Systems},
  booktitle = {USENIX ATC},
  year = 2010
}

@article{LamportPaxos2001,
  author = {L. Lamport},
  title = {Paxos Made Simple},
  year = 2001,
	journal = {ACM SIGACT News (Distributed Computing Column)},
	volume = 32,
	number = 4,
	pages = {51--58}
}

@inproceedings {PNUTS2008part,
  author = {B. F. Cooper and others},
  title = {PNUTS: Yahoo!'s Hosted Data Serving Platform},
  booktitle = {VLDB},
  year = 2008
}

@article {PNUTS2008,
  author = {B. F. Cooper and R. Ramakrishnan and U. Srivastava and A. Silberstein and P. Bohannon and H.-A. Jacobsen and N. Puz and D. Weaver and R. Yerneni},
  title = {PNUTS: Yahoo!'s Hosted Data Serving Platform},
 journal = {Proc. VLDB Endow.},
 volume = {1},
 number = {2},
 year = {2008},	
 pages = {1277--1288}
}

@inproceedings {Abadi2010,
  author = {E. P. C. Jones and D. J. Abadi and S. Madden},
  title = {Low Overhead Concurrency Control for Partitioned Main Memory Databases},
  booktitle = {SIGMOD},
  year = 2010
}

@article{Ports2012,
author = {Ports, D. R. K. and Grittner, K.},
title = {Serializable snapshot isolation in {PostgreSQL}},
journal = {Proc. VLDB Endow.},
issue_date = {August 2012},
volume = {5},
number = {12},
month = aug,
year = {2012},
pages = {1850--1861},
}

@article{O'Neil1996,
 author = {O'Neil, Patrick and Cheng, Edward and Gawlick, Dieter and O'Neil, Elizabeth},
 title = {The Log-structured Merge-tree ({LSM}-tree)},
 journal = {Acta Inf.},
 issue_date = {1996},
 volume = {33},
 number = {4},
 month = jun,
 year = {1996},
 pages = {351--385},
 }

@book{ConcurrencyInWindows2008,
  author = "Joe Duffy",
  title = "Concurrent Programming on Windows",
  publisher = "Addison-Wesley",
  year = 2008,
}

@article{michael2004scalable,
  title={Scalable lock-free dynamic memory allocation},
  author={Michael, Maged M},
journal = {SIGPLAN Not.},
  volume={39},
  number={6},
  year={2004},
  pages = {35--46},


}

@misc {RocksDBOptimizedLocks,
title = {Avoid expensive locks in {RocksDB}},
month = jun,
year={2014},
howpublished= "\url{http://rocksdb.org/blog/677/avoid-expensive-locks-in-get/}"
}
@misc {RocksDBReduceLocks,
title = {Reducing Lock Contention in {RocksDB}},
month = May,
year={2014},
howpublished= "\url{http://rocksdb.org/blog/521/lock/}"
}

@misc {RocksDBBenchmarks,
title = {{RocksDB} Performance Benchmarks},
month = may,
year={2014},
howpublished= "\url{https://github.com/facebook/rocksdb/wiki/Performance-Benchmarks}"
}

@INPROCEEDINGS{Ohad:OOPSLA11,
  AUTHOR =       {Ohad Shacham and Nathan Bronson and Alex Aiken and Mooly Sagiv and Martin Vechev and Eran Yahav},
  TITLE =        {Testing Atomicity of Composed Concurrent Operations},
  BOOKTITLE =    {OOPSLA},
  YEAR =         {2011},
}

@inproceedings{shacham2014verifying,
  title={Verifying atomicity via data independence},
  author={Shacham, Ohad and Yahav, Eran and Golan-Gueta, Guy and Aiken, Alex and Bronson, Nathan and Sagiv, Mooly and Vechev, Martin},
  booktitle={ISSTA},
  year={2014},
}

@book{Tanenbaum:2014:MOS,
 author = {Tanenbaum, Andrew S. and Bos, Herbert},
 title = {Modern Operating Systems},
 year = {2014},
 isbn = {013359162X, 9780133591620},
 edition = {4th},
 publisher = {Prentice Hall Press},
 address = {Upper Saddle River, NJ, USA},
}

@article{Wu:2012:AWB,
 author = {Wu, Guanying and He, Xubin and Eckart, Ben},
 title = {An Adaptive Write Buffer Management Scheme for Flash-based SSDs},
 journal = {Trans. Storage},
 issue_date = {February 2012},
 volume = {8},
 number = {1},
 month = feb,
 year = {2012},
}

@article{Herlihy:1990,
  title={Linearizability: A correctness condition for concurrent objects},
  author={Herlihy, Maurice P and Wing, Jeannette M},
  journal={TOPLAS},
  volume={12},
  year={1990},
}
